<?xml version="1.0" encoding="UTF-8"?><collection xmlns="http://www.loc.gov/MARC21/slim"><record><leader>00391nam--2200157-i-4500</leader><controlfield tag="001">000042253</controlfield><controlfield tag="002">20161230</controlfield><controlfield tag="005">20170204192308</controlfield><controlfield tag="008">060222s1000------------r-----000-0-eng-d</controlfield><datafield ind1=" " ind2=" " tag="080"><subfield code="a">537.222.22</subfield></datafield><datafield ind1=" " ind2=" " tag="100"><subfield code="a">K©đsa-Somogyi, Istv©Łn</subfield></datafield><datafield ind1=" " ind2=" " tag="245"><subfield code="a">Amorphous semiconductors`76</subfield></datafield><datafield ind1=" " ind2=" " tag="260"><subfield code="a">Budapest</subfield><subfield code="b">Akad©♭miai Kiad©đ</subfield><subfield code="c">1977</subfield></datafield><datafield ind1=" " ind2=" " tag="300"><subfield code="a">565 p</subfield></datafield><datafield ind1=" " ind2=" " tag="852"><subfield code="a">47222</subfield></datafield><datafield ind1=" " ind2=" " tag="CAT"><subfield code="a">SYS</subfield><subfield code="c">20170204</subfield><subfield code="h">192308</subfield></datafield></record></collection>